<?xml version="1.0" encoding="UTF-8"?><collection xmlns="http://www.loc.gov/MARC21/slim"><record><leader>00527nam--2200181-u-4500</leader><controlfield tag="001">000052252</controlfield><controlfield tag="002">20161230</controlfield><controlfield tag="005">20161230201050</controlfield><controlfield tag="008">100607s1000------------r-----000-0-fre-d</controlfield><datafield ind1=" " ind2=" " tag="040"><subfield code="a">IFIN-HH</subfield></datafield><datafield ind1=" " ind2=" " tag="041"><subfield code="a">fre</subfield></datafield><datafield ind1=" " ind2=" " tag="080"><subfield code="a">519.212 (043)</subfield></datafield><datafield ind1="1" ind2=" " tag="100"><subfield code="a">Akonom, Jacques</subfield></datafield><datafield ind1="1" ind2="0" tag="245"><subfield code="a">Estimation de la densite de la partie continue d'une probabilite mixte. These</subfield><subfield code="c">Jaques Akonom</subfield></datafield><datafield ind1=" " ind2=" " tag="260"><subfield code="a">Lille</subfield><subfield code="b">Universite des scinces et techniques de Lille</subfield><subfield code="c">1978</subfield></datafield><datafield ind1=" " ind2=" " tag="300"><subfield code="a">62 p</subfield></datafield><datafield ind1=" " ind2=" " tag="852"><subfield code="a">46833</subfield><subfield code="c">519.2</subfield></datafield><datafield ind1=" " ind2=" " tag="CAT"><subfield code="a">Sys</subfield><subfield code="c">20100607</subfield><subfield code="h">143035</subfield></datafield></record></collection>